@manual{Espressif2024,
  title        = {ESP32 Technical Reference Manual},
  author       = {{Espressif Systems}},
  year         = {2024},
  url          = {https://www.espressif.com/en/products/socs/esp32},
  note         = {Abgerufen am 10. Oktober 2025}
}

@manual{HiveMQ2025,
  title        = {HiveMQ Cloud Documentation},
  author       = {{HiveMQ GmbH}},
  year         = {2025},
  url          = {https://www.hivemq.com},
  note         = {Abgerufen am 10. Oktober 2025}
}

@manual{IBM2024,
  title        = {Node-RED User Guide},
  author       = {{IBM}},
  year         = {2024},
  url          = {https://nodered.org/docs},
  note         = {Abgerufen am 10. Oktober 2025}
}

@article{Kruchten1995,
  author  = {Philippe Kruchten},
  title   = {Architectural Blueprints — The “4+1” View Model of Software Architecture},
  journal = {IEEE Software},
  year    = {1995},
  volume  = {12},
  number  = {6},
  pages   = {42--50},
  doi     = {10.1109/52.469759}
}

@manual{EMQX2025,
  title        = {EMQX Cloud Documentation},
  author       = {{EMQ Technologies}},
  year         = {2025},
  url          = {https://www.emqx.com},
  note         = {Abgerufen am 10. Oktober 2025}
}
